@misc{Nist,
	title = {{P}ost-{Q}uantum {C}ryptography},
	howpublished = {\url{http://csrc.nist.gov/projects/post-quantum-cryptography}},
	note = {Updated: March 25, 2020}
}
@article{ren2004structure,
	title={On the structure of Hermitian codes and decoding for burst errors},
	author={Ren, Jian},
	journal={IEEE transactions on information theory},
	volume={50},
	number={11},
	pages={2850--2854},
	year={2004},
	publisher={IEEE}
}
@article{korchmaros2019codes,
	title={Codes and gap sequences of Hermitian curves},
	author={Korchm{\'a}ros, G{\'a}bor and Nagy, G{\'a}bor P and Timpanella, Marco},
	journal={IEEE Transactions on Information Theory},
	volume={66},
	number={6},
	pages={3547--3554},
	year={2019},
	publisher={IEEE}
}
@inproceedings{yang1992true,
	title={On the true minimum distance of Hermitian codes},
	author={Yang, Kyeongcheol and Kumar, P Vijay},
	booktitle={Coding Theory and Algebraic Geometry: Proceedings of the International Workshop held in Luminy, France, June 17--21, 1991},
	pages={99--107},
	year={1992},
	organization={Springer}
}
@article{little1997structure,
	title={On the structure of Hermitian codes},
	author={Little, John and Saints, Keith and Heegard, Chris},
	journal={Journal of pure and applied algebra},
	volume={121},
	number={3},
	pages={293--314},
	year={1997},
	publisher={Elsevier}
}
@article{stichtenoth1988note,
	title={A note on Hermitian codes over GF (q/sup 2/)},
	author={Stichtenoth, Henning},
	journal={IEEE transactions on Information Theory},
	volume={34},
	number={5},
	pages={1345--1348},
	year={1988},
	publisher={IEEE}
}
@article{macdonald2003hermitian,
	title={Hermitian codes for frequency-hop spread-spectrum packet radio networks},
	author={Macdonald, Thomas G and Pursley, Michael B},
	journal={IEEE transactions on wireless communications},
	volume={2},
	number={3},
	pages={529--536},
	year={2003},
	publisher={IEEE}
}
@article{couvreur2017cryptanalysis,
	title={Cryptanalysis of McEliece cryptosystem based on algebraic geometry codes and their subcodes},
	author={Couvreur, Alain and M{\'a}rquez-Corbella, Irene and Pellikaan, Ruud},
	journal={IEEE Transactions on Information Theory},
	volume={63},
	number={8},
	pages={5404--5418},
	year={2017},
	publisher={IEEE}
}
@article{couvreur2014distinguisher,
	title={Distinguisher-based attacks on public-key cryptosystems using Reed--Solomon codes},
	author={Couvreur, Alain and Gaborit, Philippe and Gauthier-Uma{\~n}a, Val{\'e}rie and Otmani, Ayoub and Tillich, Jean-Pierre},
	journal={Designs, Codes and Cryptography},
	volume={73},
	pages={641--666},
	year={2014},
	publisher={Springer}
}
@article{mceliece1978public,
	title={A public-key cryptosystem based on algebraic},
	author={McEliece, Robert J},
	journal={Coding Thv},
	volume={4244},
	pages={114--116},
	year={1978}
}
@article{faugere2013distinguisher,
	title={A distinguisher for high-rate McEliece cryptosystems},
	author={Faugere, Jean-Charles and Gauthier-Umana, Val{\'e}rie and Otmani, Ayoub and Perret, Ludovic and Tillich, Jean-Pierre},
	journal={IEEE Transactions on Information Theory},
	volume={59},
	number={10},
	pages={6830--6844},
	year={2013},
	publisher={IEEE}
}
@inproceedings{sendrier2002security,
	title={On the security of the McEliece public-key cryptosystem},
	author={Sendrier, Nicolas},
	booktitle={Information, Coding and Mathematics: Proceedings of Workshop honoring Prof. Bob McEliece on his 60th birthday},
	pages={141--163},
	year={2002},
	organization={Springer}
}
@article{beelen2023weierstrass,
	title={Weierstrass semigroups and automorphism group of a maximal curve with the third largest genus},
	author={Beelen, Peter and Montanucci, Maria and Vicino, Lara},
	journal={arXiv preprint arXiv:2303.00376},
	year={2023}
}
@article{cossidente1999curves,
	title={On curves covered by the Hermitian curve},
	author={Cossidente, Antonio and Korchm{\'a}ros, Gabor and Torres, Fernando},
	journal={Journal of Algebra},
	volume={216},
	number={1},
	pages={56--76},
	year={1999},
	publisher={Elsevier}
}
@book{stepanov2012codes,
	title={Codes on algebraic curves},
	author={Stepanov, Serguei A},
	year={2012},
	publisher={Springer Science \& Business Media}
}
@article{matthews2005one,
	title={One-point codes using places of higher degree},
	author={Matthews, Gretchen L and Michel, Todd W},
	journal={IEEE transactions on information theory},
	volume={51},
	number={4},
	pages={1590--1593},
	year={2005},
	publisher={IEEE}
}


@article{Del75,
	title={{O}n subfield subcodes of modified {R}eed-{S}olomon codes},
	author={Philippe Delsarte},
	journal={IEEE Transactions on Information Theory},
	volume={21},
	number={5},
	pages={575--576},
	year={1975},
	publisher={IEEE}
}
@article{korchmaros2013hermitian,
	title={Hermitian codes from higher degree places},
	author={Korchm{\'a}ros, G{\'a}bor and Nagy, G{\'a}bor P},
	journal={Journal of Pure and Applied Algebra},
	volume={217},
	number={12},
	pages={2371--2381},
	year={2013},
	publisher={Elsevier}
}


@book{stichtenoth2009algebraic,
	title={Algebraic function fields and codes},
	author={Stichtenoth, Henning},
	volume={254},
	year={2009},
	publisher={Springer Science \& Business Media}
}


