@book{stepanov2012codes,
	title={Codes on algebraic curves},
	author={Stepanov, Serguei A},
	year={2012},
	publisher={Springer Science \& Business Media}
}
@article{matthews2005one,
	title={One-point codes using places of higher degree},
	author={Matthews, Gretchen L and Michel, Todd W},
	journal={IEEE transactions on information theory},
	volume={51},
	number={4},
	pages={1590--1593},
	year={2005},
	publisher={IEEE}
}


@article{Del75,
	title={{O}n subfield subcodes of modified {R}eed-{S}olomon codes},
	author={Philippe Delsarte},
	journal={IEEE Transactions on Information Theory},
	volume={21},
	number={5},
	pages={575--576},
	year={1975},
	publisher={IEEE}
}
@article{korchmaros2013hermitian,
	title={Hermitian codes from higher degree places},
	author={Korchm{\'a}ros, G{\'a}bor and Nagy, G{\'a}bor P},
	journal={Journal of Pure and Applied Algebra},
	volume={217},
	number={12},
	pages={2371--2381},
	year={2013},
	publisher={Elsevier}
}


@book{stichtenoth2009algebraic,
	title={Algebraic function fields and codes},
	author={Stichtenoth, Henning},
	volume={254},
	year={2009},
	publisher={Springer Science \& Business Media}
}


